<record><leader>00000cas a22000007a 4500</leader><controlfield tag="001">19892564</controlfield><controlfield tag="008">890619d18871909gauwr ne      0    0eng d</controlfield><datafield ind1=" " ind2=" " tag="010"><subfield code="a">sn 89053456 </subfield></datafield><datafield ind1=" " ind2=" " tag="040"><subfield code="a">NLG</subfield><subfield code="b">eng</subfield><subfield code="c">NLG</subfield><subfield code="d">YOX</subfield><subfield code="d">OCLCQ</subfield><subfield code="d">GUA</subfield><subfield code="d">OCLCQ</subfield><subfield code="d">OCLCF</subfield><subfield code="d">OCLCO</subfield></datafield><datafield ind1="1" ind2=" " tag="029"><subfield code="a">AU@</subfield><subfield code="b">000040635820</subfield></datafield><datafield ind1=" " ind2=" " tag="042"><subfield code="a">msc</subfield></datafield><datafield ind1=" " ind2=" " tag="043"><subfield code="a">n-us-ga</subfield></datafield><datafield ind1="0" ind2=" " tag="130"><subfield code="a">Herald and advertiser (Newnan, Ga.)</subfield></datafield><datafield ind1="1" ind2="4" tag="245"><subfield code="a">The herald and advertiser.</subfield></datafield><datafield ind1=" " ind2=" " tag="260"><subfield code="a">Newnan, Ga. :</subfield><subfield code="b">Newnan Pub. Co.,</subfield><subfield code="c">1887-1909.</subfield></datafield><datafield ind1=" " ind2=" " tag="300"><subfield code="a">v.</subfield></datafield><datafield ind1=" " ind2=" " tag="310"><subfield code="a">Weekly</subfield></datafield><datafield ind1="0" ind2=" " tag="362"><subfield code="a">Vol. 22, no. 22 (Mar. 18, 1887)-v. 44, no. 20 (Feb. 12, 1909).</subfield></datafield><datafield ind1=" " ind2=" " tag="530"><subfield code="a">Also on microfilm: Athens, Ga. : University of Georgia Libraries.</subfield></datafield><datafield ind1=" " ind2=" " tag="580"><subfield code="a">Formed by the union of: Newnan herald (Newnan, Ga. : 1865), and: Coweta advertiser.</subfield></datafield><datafield ind1=" " ind2="0" tag="651"><subfield code="a">Newnan (Ga.)</subfield><subfield code="v">Newspapers.</subfield></datafield><datafield ind1=" " ind2="0" tag="651"><subfield code="a">Coweta County (Ga.)</subfield><subfield code="v">Newspapers.</subfield></datafield><datafield ind1=" " ind2="7" tag="655"><subfield code="a">Newspapers.</subfield><subfield code="2">fast</subfield><subfield code="0">(OCoLC)fst01423814</subfield></datafield><datafield ind1=" " ind2="7" tag="651"><subfield code="a">Georgia</subfield><subfield code="z">Coweta County.</subfield><subfield code="2">fast</subfield><subfield code="0">(OCoLC)fst01211861</subfield></datafield><datafield ind1=" " ind2="7" tag="651"><subfield code="a">Georgia</subfield><subfield code="z">Newnan.</subfield><subfield code="2">fast</subfield><subfield code="0">(OCoLC)fst01217765</subfield></datafield><datafield ind1=" " ind2=" " tag="752"><subfield code="a">United States</subfield><subfield code="b">Georgia</subfield><subfield code="c">Coweta</subfield><subfield code="d">Newnan.</subfield></datafield><datafield ind1="0" ind2="4" tag="780"><subfield code="t">Newnan herald (Newnan, Ga. : 1865)</subfield><subfield code="w">(DLC)sn 85034085</subfield><subfield code="w">(OCoLC)12402077</subfield></datafield><datafield ind1="0" ind2="4" tag="780"><subfield code="t">Coweta advertiser</subfield><subfield code="w">(DLC)sn 89053746</subfield><subfield code="w">(OCoLC)20479114</subfield></datafield><datafield ind1="0" ind2="0" tag="785"><subfield code="t">Newnan herald &amp; advertiser</subfield><subfield code="w">(DLC)sn 89053457</subfield><subfield code="w">(OCoLC)19892622</subfield></datafield></record>